Put references in this Bibtex file. Sample ref follows...

@inproceedings{frigo:pldi98:cilk5,
 author = {Frigo,, Matteo and Leiserson,, Charles E. and Randall,, Keith H.},
 title = {The implementation of the {C}ilk-5 multithreaded language},
 booktitle = {Proc. of the ACM SIGPLAN 1998 conference on Programming language design and implementation},
 year = {1998},
 pages = {212--223},
}

